@article{sivertown2009,
  title = "A new dawn for citizen science",
  journal = "Trends in Ecology \& Evolution",
  volume = "24",
  number = "9",
  pages = "467 - 471",
  year = "2009",
  issn = "0169-5347",
  doi = "https://doi.org/10.1016/j.tree.2009.03.017",
  url = "http://www.sciencedirect.com/science/article/pii/S016953470900175X",
  author = "Jonathan Silvertown"
}

@article{miller2012,
  author = {Miller-Rushing, Abraham and Primack, Richard and Bonney, Rick},
  title = {The history of public participation in ecological research},
  journal = {Frontiers in Ecology and the Environment},

  volume = {10},
  number = {6},
  pages = {285-290},
  doi = {10.1890/110278},
  url = {https://esajournals.onlinelibrary.wiley.com/doi/abs/10.1890/110278},
  eprint = {https://esajournals.onlinelibrary.wiley.com/doi/pdf/10.1890/110278},
  year = {2012}
}

@article {bonney2014,
  author = {Bonney, Rick and Shirk, Jennifer L. and Phillips, Tina B. and Wiggins, Andrea and Ballard, Heidi L. and Miller-Rushing, Abraham J. and Parrish, Julia K.},
  title = {Next Steps for Citizen Science},
  volume = {343},
  number = {6178},
  pages = {1436--1437},
  year = {2014},
  doi = {10.1126/science.1251554},
  publisher = {American Association for the Advancement of Science},
  issn = {0036-8075},
  URL = {https://science.sciencemag.org/content/343/6178/1436},
  eprint = {https://science.sciencemag.org/content/343/6178/1436.full.pdf},
  journal = {Science}
}

@article{gollan2012,
  author="Gollan, John
  and de Bruyn, Lisa Lobry
  and Reid, Nick
  and Wilkie, Lance",
  title="Can Volunteers Collect Data that are Comparable to Professional Scientists? A Study of Variables Used in Monitoring the Outcomes of Ecosystem Rehabilitation",
  journal="Environmental Management",
  year="2012",
  month="Nov",
  day="01",
  volume="50",
  number="5",
  pages="969--978",
  doi="10.1007/s00267-012-9924-4",
  url="https://doi.org/10.1007/s00267-012-9924-4"
}

@article{vanstrien2013,
  author = {van Strien, Arco J. and van Swaay, Chris A.M. and Termaat, Tim},
  title = {Opportunistic citizen science data of animal species produce reliable estimates of distribution trends if analysed with occupancy models},
  journal = {Journal of Applied Ecology},
  volume = {50},
  number = {6},
  pages = {1450-1458},
  keywords = {Bayesian inference, citizen science, detection, distribution, hierarchical modelling, JAGS, monitoring, site occupancy},
  doi = {10.1111/1365-2664.12158},
  url = {https://besjournals.onlinelibrary.wiley.com/doi/abs/10.1111/1365-2664.12158},
  eprint = {https://besjournals.onlinelibrary.wiley.com/doi/pdf/10.1111/1365-2664.12158},
  year = {2013}
}

@online{azavea2014,
  author = {Azavea and SciStarter},
  title = {Citizen Science Data Factory. Part 1: Data Collection Platform Evaluation},
  url = {http://www.azavea.com/index.php/download_file/view/1368/},
  urldate = {2015-12-15}
}

@online{azavea2015,
  author = {Azavea and SciStarter},
  title  = {Citizen Science Data Factory. Part 2: Technology Evaluation},
  url = {http://www.azavea.com/index.php/download_file/view/1369/},
  urldate = {2015-12-15}
}

@online{frey2016,
author = {Frey, Regis},
title = {The model, view, and controller (MVC) pattern relative to the user},
url = {https://commons.wikimedia.org/wiki/File:MVC-Process.svg},
urldate = {2016-07-11}
}

@online{junior2016,
author = {Junior, Edson Alves de Oliveira and Fortes, Pottin de Mattos Fortes},
title = {Software na Web Atual: Processamento no Servidor},
url = {http://www.icmc.usp.br/CMS/Arquivos/arquivos_enviados/BIBLIOTECA_113_ND_78.pdf},
urldate = {2016-07-11}
}